<record><leader>00000cas a2200000 a 4500</leader><controlfield tag="001">12228366</controlfield><controlfield tag="008">850703d18811884ksuwr ne      0    0eng d</controlfield><datafield ind1=" " ind2=" " tag="010"><subfield code="a">sn 85030393 </subfield></datafield><datafield ind1=" " ind2=" " tag="040"><subfield code="a">KSH</subfield><subfield code="b">eng</subfield><subfield code="c">KSH</subfield><subfield code="d">NPT</subfield><subfield code="d">OCL</subfield><subfield code="d">OCLCQ</subfield></datafield><datafield ind1=" " ind2=" " tag="042"><subfield code="a">msc</subfield></datafield><datafield ind1="0" ind2=" " tag="130"><subfield code="a">Star (Independence, Kan.)</subfield></datafield><datafield ind1="1" ind2="4" tag="245"><subfield code="a">The star.</subfield></datafield><datafield ind1=" " ind2=" " tag="260"><subfield code="a">Independence, Kan. :</subfield><subfield code="b">H.W. Young,</subfield><subfield code="c">1881-1884.</subfield></datafield><datafield ind1=" " ind2=" " tag="300"><subfield code="a">4 v. ;</subfield><subfield code="c">49 cm.</subfield></datafield><datafield ind1=" " ind2=" " tag="310"><subfield code="a">Weekly</subfield></datafield><datafield ind1="0" ind2=" " tag="362"><subfield code="a">Vol. 1, no. 27 (Oct. 13, 1881)-v. 2, no. 53 (Apr. 14, 1882) ; v. 2, no. 2 (Apr. 21, 1882)-v. 4, no. 37 (Dec. 26, 1884) = whole no. 54-no. 194.</subfield></datafield><datafield ind1=" " ind2=" " tag="500"><subfield code="a">"Democratic."</subfield></datafield><datafield ind1=" " ind2=" " tag="515"><subfield code="a">Numbering is irregular.</subfield></datafield><datafield ind1=" " ind2=" " tag="752"><subfield code="a">United States</subfield><subfield code="b">Kansas</subfield><subfield code="c">Montgomery</subfield><subfield code="d">Independence.</subfield></datafield><datafield ind1="0" ind2="0" tag="780"><subfield code="t">Coffeyville star</subfield><subfield code="w">(DLC)sn 85031391</subfield></datafield><datafield ind1="0" ind2="7" tag="785"><subfield code="t">Independence Kansan</subfield><subfield code="w">(DLC)sn 85030392</subfield></datafield><datafield ind1="0" ind2="7" tag="785"><subfield code="t">Star and Kansan</subfield><subfield code="w">(OCoLC)9483553</subfield></datafield></record>